<record><leader>00000cas a2200000 a 4500</leader><controlfield tag="001">61492073</controlfield><controlfield tag="008">050913u199uuuuundu x ne      0    0kuroc</controlfield><datafield ind1=" " ind2=" " tag="010"><subfield code="a">  2005223104</subfield></datafield><datafield ind1=" " ind2=" " tag="040"><subfield code="a">CLU</subfield><subfield code="b">eng</subfield><subfield code="c">CLU</subfield><subfield code="d">DLC</subfield><subfield code="d">OCLCQ</subfield><subfield code="d">OCLCF</subfield></datafield><datafield ind1="1" ind2=" " tag="029"><subfield code="a">AU@</subfield><subfield code="b">000028549906</subfield></datafield><datafield ind1=" " ind2=" " tag="042"><subfield code="a">pcc</subfield></datafield><datafield ind1=" " ind2=" " tag="043"><subfield code="a">a-tu---</subfield><subfield code="a">a-iq---</subfield><subfield code="a">a-ir---</subfield></datafield><datafield ind1="0" ind2="0" tag="050"><subfield code="a">Newspaper</subfield></datafield><datafield ind1="0" ind2="0" tag="245"><subfield code="a">Barzan.</subfield></datafield><datafield ind1=" " ind2=" " tag="260"><subfield code="a">Minot, ND, USA :</subfield><subfield code="b">[s.n.]</subfield></datafield><datafield ind1=" " ind2=" " tag="300"><subfield code="a">v. :</subfield><subfield code="b">ill. ;</subfield><subfield code="c">37-49 cm.</subfield></datafield><datafield ind1=" " ind2=" " tag="310"><subfield code="a">Irregular</subfield></datafield><datafield ind1=" " ind2=" " tag="500"><subfield code="a">&quot;Rojnemeyeki&#770; gis&#807;ti&#770;ye.&quot;</subfield></datafield><datafield ind1=" " ind2=" " tag="500"><subfield code="a">Published in: Fairfax, VA, &lt;Oct. 1994-May 2001&gt;</subfield></datafield><datafield ind1=" " ind2=" " tag="515"><subfield code="a">Some numbers issued in combined form.</subfield></datafield><datafield ind1=" " ind2=" " tag="546"><subfield code="a">In Sorani Kurdish</subfield><subfield code="b">(Arabic script).</subfield></datafield><datafield ind1=" " ind2=" " tag="588"><subfield code="a">Description based on: Jimare 2 (Azari&#770; 1990).</subfield></datafield><datafield ind1=" " ind2=" " tag="588"><subfield code="a">Latest issue consulted: Issue 36/37 (May 2001).</subfield></datafield><datafield ind1=" " ind2="0" tag="651"><subfield code="a">Kurdistan</subfield><subfield code="v">Newspapers.</subfield></datafield><datafield ind1=" " ind2="0" tag="650"><subfield code="a">Kurdish Americans</subfield><subfield code="v">Newspapers.</subfield></datafield><datafield ind1=" " ind2="0" tag="651"><subfield code="a">Minot (N.D.)</subfield><subfield code="v">Newspapers.</subfield></datafield><datafield ind1=" " ind2="7" tag="655"><subfield code="a">Newspapers.</subfield><subfield code="2">fast</subfield><subfield code="0">(OCoLC)fst01423814</subfield></datafield><datafield ind1=" " ind2="7" tag="650"><subfield code="a">Kurdish Americans.</subfield><subfield code="2">fast</subfield><subfield code="0">(OCoLC)fst00989386</subfield></datafield><datafield ind1=" " ind2="7" tag="651"><subfield code="a">Middle East</subfield><subfield code="z">Kurdistan.</subfield><subfield code="2">fast</subfield><subfield code="0">(OCoLC)fst01245586</subfield></datafield><datafield ind1=" " ind2="7" tag="651"><subfield code="a">North Dakota</subfield><subfield code="z">Minot.</subfield><subfield code="2">fast</subfield><subfield code="0">(OCoLC)fst01221792</subfield></datafield><datafield ind1=" " ind2=" " tag="752"><subfield code="a">United States</subfield><subfield code="b">North Dakota</subfield><subfield code="c">Ward</subfield><subfield code="d">Minot.</subfield></datafield><datafield ind1=" " ind2=" " tag="850"><subfield code="a">DLC</subfield></datafield><datafield ind1=" " ind2=" " tag="936"><subfield code="a">LC Cairo Office [we46]</subfield></datafield></record>